@article{theuav:uav,
	author	  = {{The UAV}},
	title     = {The UAV - Unmanned Aerial Vehicle},
	date      = {2012},
	url 	  = {http://www.theuav.com/}
}

@online{3gpp:lte,
        author	  = {{3rd Generation Partnership Project}},
	title     = {LTE},
	date      = {2012},
        url 	  = {http://www.3gpp.org/},        
}

@online{artizanetworks:lte,
	editor	  = {ArtizaNetworks},
	title     = {LTE Resources},
	date	  = {2012},
	url	  = {http://www.artizanetworks.com/},	
}

@report{ministero:bando,
	 author		= {{Ministero dello sviluppo economico}},
	 title		= {Pubblicazione bando di gara per l'assegnazione di diritti d'uso di frequenze nelle bande 800, 1800, 2000, 2600 MHz},
	 type		= {Gazzetta Ufficiale della Repubblica Italiana},
	 institution	= {Dipartimento per le Comunicazioni},
	 date		= {2011},
}

@online{saba:uav,
	 author	  = {SABAerospace},
	 title    = {UAV Program},
	 date	  = {2012},
	 url	  = {http://www.sabaerospace.it/},
}

@article{stampa:uav,
	  author 	= {Maurizio Molinari},
	  title		= {Droni Usa per osservare i reattori},
	  journaltitle	= {LASTAMPA},
	  date		= {2011},
	  url		= {http://www.lastampa.it/},
}

@inproceedings{puff:uav,
  author	= {Jarno Puff},
  editor	= {A2TECH},
  title		= {Micro seminari di aggiornamento nell’ambito delle iniziative attivate dalle scuole della rete ENIS Italia},
  booktitle	= {Robotica e nuove strategie per l’apprendimento},
  date		= {2006},
}

@unpublished{guzzon:propagazione,
  author	= {Elena Guzzon},
  title		= {Long Term Evolution},
  date		= {2011},
}

@book{holmaw:lte,
    author	= {{H.Holma, A.Toskala}},
    title	= {WCDMA for UMTS: HSPA Evolution and LTE},
    date	= {2010},
    editor 	= {John Wiley and Sons},
}

@book{holmal:lte,
    author	= {{H.Holma, A.Toskala}},
    title	= {LTE for UMTS: OFDMA and SC-FDMA based radio access},
    date	= {2009},
    editor 	= {John Wiley and Sons},
}

@online{google:elevation,
    author 	= {{Google Developers}},
    title	= {Static Maps API V2 Developer Guide},
    date	= {2012},
    url		= {https://developers.google.com/maps/documentation/staticmaps/},
}

@online{gpsvisualizer:elevation,
    author 	= {{GPS Visualizer}},
    title	= {Elevations with GPS Visualizer},
    date	= {2012},
    url		= {http://www.gpsvisualizer.com/elevation},
}